@article{elbir2022family,
	title={A Family of Hybrid Federated and CentralizedLearning Architectures in Machine Learning},
	author={Elbir, Ahmet M and Coleri, Sinem and Papazafeiropoulos, Anastasios K and Kourtessis, Pandelis and Chatzinotas, Symeon},
	journal={IEEE Transactions on Cognitive Communications and Networking},
	year={2022},
	publisher={Institute of Electrical and Electronics Engineers, United States}
}

@article{zhou2019edge,
	title={Edge intelligence: Paving the last mile of artificial intelligence with edge computing},
	author={Zhou, Zhi and Chen, Xu and Li, En and Zeng, Liekang and Luo, Ke and Zhang, Junshan},
	journal={Proceedings of the IEEE},
	volume={107},
	number={8},
	pages={1738--1762},
	year={2019},
	publisher={IEEE}
}

@misc{federated_learning,
	title = {Decentralized X: Aggregating Heterogeneous and Decentralized AIs},
	author = {Tomas},
	howpublished = {\color{NavyBlue}{\url{https://www.omron.com/global/en/technology/information/dcx}}},
	note = {\color{black}{[Accessed: 17 Apr 2024]}}
}

@article{smith2017federated,
	title={Federated multi-task learning},
	author={Smith, Virginia and Chiang, Chao-Kai and Sanjabi, Maziar and Talwalkar, Ameet S},
	journal={Advances in neural information processing systems},
	volume={30},
	year={2017}
}

@misc{mcmahan2017federated,
	title={Federated Learning: Collaborative Machine Learning without Centralized Training Data},
	author={McMahan, Brendan, Ramage, Daniel},
	howpublished = {\color{NavyBlue}{\url{https://www.omron.com/global/en/technology/information/dcx}}},
	note = {\color{black}{[Accessed: 18 Apr 2024]}},
	year={\color{black}{6 Apr 2017}},
	publisher={\color{black}{Google AI Blog}},
}

@article{li2020federated,
	title={Federated learning: Challenges, methods, and future directions},
	author={Li, Tian and Sahu, Anit Kumar and Talwalkar, Ameet and Smith, Virginia},
	journal={IEEE signal processing magazine},
	volume={37},
	number={3},
	pages={50--60},
	year={2020},
	publisher={IEEE}
}

@misc{mahtab2022algorithm,
	title={Algorithm development and performance analysis for adaptive differential privacy in federated learning},
	author={Mahtab Talaei},
	year={21 Aug 2022},
	type={Master Dissertation},
	publisher={Isfahan University of Technology},
}

@article{kim2012control,
	title={Control allocation based compensation for faulty blade actuator of wind turbine},
	author={Kim, Jiyeon and Yang, Inseok and Lee, Dongik},
	journal={IFAC Proceedings Volumes},
	volume={45},
	number={20},
	pages={355--360},
	year={2012},
	publisher={Elsevier}
}

@article{wang2018atomo,
	title={Atomo: Communication-efficient learning via atomic sparsification},
	author={Wang, Hongyi and Sievert, Scott and Liu, Shengchao and Charles, Zachary and Papailiopoulos, Dimitris and Wright, Stephen},
	journal={Advances in neural information processing systems},
	volume={31},
	year={2018}
}

@article{konevcny2015federated,
	title={Federated optimization: Distributed optimization beyond the datacenter},
	author={Kone{\v{c}}n{\`y}, Jakub and McMahan, Brendan and Ramage, Daniel},
	journal={arXiv preprint arXiv:1511.03575},
	year={2015}
}

@article{konevcny2016federated,
	title={Federated learning: Strategies for improving communication efficiency},
	author={Kone{\v{c}}n{\`y}, Jakub and McMahan, H Brendan and Yu, Felix X and Richt{\'a}rik, Peter and Suresh, Ananda Theertha and Bacon, Dave},
	journal={arXiv preprint arXiv:1610.05492},
	year={2016}
}

@article{hasan2023security,
	title={Security and privacy issues of federated learning},
	author={Hasan, Jahid},
	journal={arXiv preprint arXiv:2307.12181},
	year={2023}
}

@article{yin2021comprehensive,
	title={A comprehensive survey of privacy-preserving federated learning: A taxonomy, review, and future directions},
	author={Yin, Xuefei and Zhu, Yanming and Hu, Jiankun},
	journal={ACM Computing Surveys (CSUR)},
	volume={54},
	number={6},
	pages={1--36},
	year={2021},
	publisher={ACM New York, NY, USA}
}

@article{fang2021privacy,
	title={Privacy-preserving and communication-efficient federated learning in internet of things},
	author={Fang, Chen and Guo, Yuanbo and Hu, Yongjin and Ma, Bowen and Feng, Li and Yin, Anqi},
	journal={Computers \& Security},
	volume={103},
	pages={102199},
	year={2021},
	publisher={Elsevier}
}

@inproceedings{mcmahan2017communication,
	title={Communication-efficient learning of deep networks from decentralized data},
	author={McMahan, Brendan and Moore, Eider and Ramage, Daniel and Hampson, Seth and y Arcas, Blaise Aguera},
	booktitle={Artificial intelligence and statistics},
	pages={1273--1282},
	year={2017},
	organization={PMLR}
}

@inproceedings{ioffe2015batch,
	title={Batch normalization: Accelerating deep network training by reducing internal covariate shift},
	author={Ioffe, Sergey and Szegedy, Christian},
	booktitle={International conference on machine learning},
	pages={448--456},
	year={2015},
	organization={pmlr}
}










@book{b1,
	title={Build your own small wind power system},
	author={Shea, Kevin and Howard, Brian Clark},
	year={2011},
	publisher={McGraw Hill Professional}
}

@article{a1,
	title={Fault-tolerant control of wind turbines: A benchmark model},
	author={Odgaard, Peter Fogh and Stoustrup, Jakob and Kinnaert, Michel},
	journal={IEEE Transactions on control systems Technology},
	volume={21},
	number={4},
	pages={1168--1182},
	year={2013},
	publisher={IEEE}
}

@article{a10,
	title={Control allocation based compensation for faulty blade actuator of wind turbine},
	author={Kim, Jiyeon and Yang, Inseok and Lee, Dongik},
	journal={IFAC Proceedings Volumes},
	volume={45},
	number={20},
	pages={355--360},
	year={2012},
	publisher={Elsevier}
}

@book{book_1,
	title={Essentials of robust control},
	author={Zhou, Kemin and Doyle, John Comstock},
	volume={104},
	year={1998},
	publisher={Prentice hall Upper Saddle River, NJ}
}

@article{paper_4,
	title={A survey of recent results in networked control systems},
	author={Hespanha, Joo P and Naghshtabrizi, Payam and Xu, Yonggang},
	journal={Proceedings of the IEEE},
	volume={95},
	number={1},
	pages={138--162},
	year={2007},
	publisher={IEEE}
}

@article{ref3,
	title={تحلیل محتوای کتاب فارسی خوانداری و نوشتاری دوره دبستان از منظر معنی‌شناسی قالبی},
	author={فیاضی},
	journal={جستارهای زبانی},
	volume={11},
	number={4},
	pages={211--240},
	year={2020},
	publisher={جستارهای زبانی},
	language={persian}
}